@book{exampleReference,
  author    = {John Doe},
  title     = {An Example Book},
  year      = {2021},
  publisher = {Example Publisher},
  address   = {City, Country}
}